@DESeq2{,
    title = {Moderated estimation of fold change and dispersion for RNA-seq data with DESeq2},
    author = {Michael I. Love and Wolfgang Huber and Simon Anders},
    year = {2014},
    journal = {Genome Biology},
    doi = {10.1186/s13059-014-0550-8},
    volume = {15},
    issue = {12},
    pages = {550},
  }
  
@edgeR{
title= {Differential expression analysis of multifactor RNA-Seq experiments with
  respect to biological variation},
  author = {McCarthy DJ, Chen Y and Smyth GK},
  year = {2012},
  journal = {Nucleic Acids Research},
  volume = {40},
  pages = {4288-4297},
}

@Savage{
title = {Transcriptome Profiling of Trypanosoma Brucei Development in the Tsetse Fly Vector Glossina Morsitans},
author = {Amy F. Savage,Nikolay G.Kolev, Joseph B. Franklin, Aurelien Vigneron, Serap Aksoy,Christian Tschudi},
year = {2016},
journal = {PLOS ONE},
publisher = {Public Library of Science},
url = {journals.plos.org/plosone/article?id=10.1371%2Fjournal.pone.0168877},
}

@Schulz{
title = {Bromodomain Proteins Contribute to Maintenance of Bloodstream Form Stage Identity in the African Trypanosome},
author = {Danae Schulz, Monica R Mugnier, Eda-Margaret Paulsen,Hee-Sook Kim, Chun-wa W Chung, David F Tough,Inmaculada Rioja, Rab K Prinjha, F Nina Papavasiliou, Erik W Debler},
year = {2015},
journal = {PLoS Biology},
publisher ={Public Library of Science},
url = {www.ncbi.nlm.nih.gov/pubmed/26646171},
}